<record><leader>00000cas a22000007a 4500</leader><controlfield tag="001">22522616</controlfield><controlfield tag="008">901016d18921902nhuwr ne      0    0eng d</controlfield><datafield ind1=" " ind2=" " tag="010"><subfield code="a">sn 90062434 </subfield></datafield><datafield ind1=" " ind2=" " tag="040"><subfield code="a">NVH</subfield><subfield code="b">eng</subfield><subfield code="c">NVH</subfield><subfield code="d">OCLCQ</subfield></datafield><datafield ind1=" " ind2=" " tag="042"><subfield code="a">msc</subfield></datafield><datafield ind1="0" ind2="4" tag="245"><subfield code="a">The Contoocook independent.</subfield></datafield><datafield ind1=" " ind2=" " tag="260"><subfield code="a">Contoocook, N.H. :</subfield><subfield code="b">Chas. Hardon</subfield></datafield><datafield ind1=" " ind2=" " tag="300"><subfield code="a">v.</subfield></datafield><datafield ind1=" " ind2=" " tag="310"><subfield code="a">Weekly</subfield></datafield><datafield ind1="0" ind2=" " tag="362"><subfield code="a">Vol. 1, no. 1 (Jan. 2, 1892)-v. 11, no. 3 (Jan. 18, 1902).</subfield></datafield><datafield ind1=" " ind2=" " tag="752"><subfield code="a">United States</subfield><subfield code="b">New Hampshire</subfield><subfield code="c">Merrimack</subfield><subfield code="d">Contoocook.</subfield></datafield></record>